@article{edgar1930method,
	title={Method and apparatus for controlling electric currents},
	author={Edgar, Lilienfeld Julius},
	year={1930},
	month=jan # "~28",
	publisher={Google Patents},
	note={US Patent 1,745,175}
}
@webpage{
	tsmcmarket,
	author = {},
	title = {2018上半年全球前十大晶圆代工厂排名},
	publisher = {},
	year = {2018},
	url = {https://www.esmchina.com/news/201805241608.html},
	citedate={2018/12/26}
}
@webpage{
	chipsaredown,
	author = {},
	title = {The chips are down},
	publisher = {The economist},
	year = {2018},
	url = {https://www.economist.com},
	citedate={2018/12/26}
}
@webpage{
	bristlecone,
	author = {},
	title = {A Preview of Bristlecone, Google’s New Quantum Processor},
	publisher = {Goolge},
	year = {2018},
	url = {https://ai.googleblog.com/2018/03/a-preview-of-bristlecone-googles-new.html},
	citedate={2019/1/8}
}
@article{o2009photonic,
	title={Photonic quantum technologies},
	author={O'brien, Jeremy L and Furusawa, Akira and Vu{\v{c}}kovi{\'c}, Jelena},
	journal={Nature Photonics},
	volume={3},
	number={12},
	pages={687},
	year={2009},
	publisher={Nature Publishing Group}
}
@article{wilkes201660,
	title={60 dB high-extinction auto-configured Mach--Zehnder interferometer},
	author={Wilkes, Callum M and Qiang, Xiaogang and Wang, Jianwei and Santagati, Raffaele and Paesani, Stefano and Zhou, Xiaoqi and Miller, David AB and Marshall, Graham D and Thompson, Mark G and O’Brien, Jeremy L},
	journal={Optics letters},
	volume={41},
	number={22},
	pages={5318--5321},
	year={2016},
	publisher={Optical Society of America}
}
@article{sun2013large,
	title={Large-scale nanophotonic phased array},
	author={Sun, Jie and Timurdogan, Erman and Yaacobi, Ami and Hosseini, Ehsan Shah and Watts, Michael R},
	journal={Nature},
	volume={493},
	number={7431},
	pages={195},
	year={2013},
	publisher={Nature Publishing Group}
}
@article{harris2017quantum,
	title={Quantum transport simulations in a programmable nanophotonic processor},
	author={Harris, Nicholas C and Steinbrecher, Gregory R and Prabhu, Mihika and Lahini, Yoav and Mower, Jacob and Bunandar, Darius and Chen, Changchen and Wong, Franco NC and Baehr-Jones, Tom and Hochberg, Michael and others},
	journal={Nature Photonics},
	volume={11},
	number={7},
	pages={447},
	year={2017},
	publisher={Nature Publishing Group}
}
@article{qiang2018large,
	title={Large-scale silicon quantum photonics implementing arbitrary two-qubit processing},
	author={Qiang, Xiaogang and Zhou, Xiaoqi and Wang, Jianwei and Wilkes, Callum M and Loke, Thomas and O’Gara, Sean and Kling, Laurent and Marshall, Graham D and Santagati, Raffaele and Ralph, Timothy C and others},
	journal={Nature Photonics},
	volume={12},
	number={9},
	pages={534},
	year={2018},
	publisher={Nature Publishing Group}
}
@article{ma2017demonstration,
	title={Demonstration of InP-on-Si self-pulsating DFB laser diodes for optical microwave generation},
	author={Ma, Keqi and Shahin, Mahmoud and Abbasi, Amin and Roelkens, G{\"u}nther and Morthier, Geert},
	journal={IEEE Photonics Journal},
	volume={9},
	number={4},
	pages={1--8},
	year={2017},
	publisher={IEEE}
}
@article{fang2006electrically,
	title={Electrically pumped hybrid AlGaInAs-silicon evanescent laser},
	author={Fang, Alexander W and Park, Hyundai and Cohen, Oded and Jones, Richard and Paniccia, Mario J and Bowers, John E},
	journal={Optics express},
	volume={14},
	number={20},
	pages={9203--9210},
	year={2006},
	publisher={Optical Society of America}
}
@inproceedings{manipatruni2007high,
	title={High speed carrier injection 18 Gb/s silicon micro-ring electro-optic modulator},
	author={Manipatruni, Sasikanth and Xu, Qianfan and Schmidt, Bradley and Shakya, Jagat and Lipson, Michal},
	booktitle={Lasers and Electro-Optics Society, 2007. LEOS 2007. The 20th Annual Meeting of the IEEE},
	pages={537--538},
	year={2007},
	organization={Citeseer}
}
@inproceedings{fujikata201025,
	title={25 GHz operation of silicon optical modulator with projection MOS structure},
	author={Fujikata, Junichi and Ushida, Jun and Nakamura, Takahiro and Ming-Bin, Yu and ShiYang, Zhu and Liang, Ding and Guo-Qiang, Patrick Lo and Kwong, Dim-Lee},
	booktitle={Optical Fiber Communication Conference},
	pages={OMI3},
	year={2010},
	organization={Optical Society of America}
}
@inproceedings{xiao201360,
	title={60 Gbit/s silicon modulators with enhanced electro-optical efficiency},
	author={Xiao, Xi and Xu, Hao and Li, Xianyao and Li, Zhiyong and Chu, Tao and Yu, Jinzhong and Yu, Yude},
	booktitle={Optical Fiber Communication Conference},
	pages={OW4J--3},
	year={2013},
	organization={Optical Society of America}
}
@article{moss2013new,
	title={New CMOS-compatible platforms based on silicon nitride and Hydex for nonlinear optics},
	author={Moss, David J and Morandotti, Roberto and Gaeta, Alexander L and Lipson, Michal},
	journal={Nature photonics},
	volume={7},
	number={8},
	pages={597},
	year={2013},
	publisher={Nature Publishing Group}
}
@article{rickman2014commercialization,
	title={The commercialization of silicon photonics},
	author={Rickman, Andrew},
	journal={Nature Photonics},
	volume={8},
	number={8},
	pages={579},
	year={2014},
	publisher={Nature Publishing Group}
}
@article{liu2005tensile,
	title={Tensile strained Ge p-i-n photodetectors on Si platform for C and L band telecommunications},
	author={Liu, Jifeng and Cannon, Douglas D and Wada, Kazumi and Ishikawa, Yasuhiko and Jongthammanurak, Samerkhae and Danielson, David T and Michel, Jurgen and Kimerling, Lionel C},
	journal={Applied physics letters},
	volume={87},
	number={1},
	pages={011110},
	year={2005},
	publisher={AIP}
}
@inproceedings{feng2014micron,
	title={Micron-scale silicon photonic devices and circuits},
	author={Feng, Dazeng and Luff, Jonathan and Jatar, Shashank and Asghari, Medhi},
	booktitle={Optical Fiber Communication Conference},
	pages={Th4C--1},
	year={2014},
	organization={Optical Society of America}
}
@inproceedings{boeuf2015recent,
	title={Recent progress in silicon photonics R\&D and manufacturing on 300mm wafer platform},
	author={Boeuf, Frederic and Cremer, Sebastien and Temporiti, Enrico and Shaw, Mark and Vulliet, Nathalie and Ristoiu, Delia and Farcy, Alexis and Pinguet, Thierry and Mekis, Attila and Masini, Gianlorenzo and others},
	booktitle={Optical Fiber Communication Conference},
	pages={W3A--1},
	year={2015},
	organization={Optical Society of America}
}
@inproceedings{doerr2014single,
	title={Single-chip silicon photonics 100-Gb/s coherent transceiver},
	author={Doerr, Christopher R and Chen, Long and Vermeulen, Diedrik and Nielsen, Torben and Azemati, Saeid and Stulz, Scott and McBrien, Greg and Xu, Xiao-Ming and Mikkelsen, Benny and Givehchi, Mehrdad and others},
	booktitle={Optical Fiber Communication Conference},
	pages={Th5C--1},
	year={2014},
	organization={Optical Society of America}
}
@inproceedings{lee2015wdm,
	title={A WDM-compatible 4$\times$ 32-Gb/s CMOS-driven electro-absorption modulator array},
	author={Lee, Benjamin G and Rimolo-Donadio, Renato and Rylyakov, Alexander and Proesel, Jonathan and Bulzacchelli, John and Baks, Christian W and Meghelli, Mounir and Schow, Clint L and Ramaswamy, Anand and Roth, Jonathan E and others},
	booktitle={Optical Fiber Communication Conference},
	pages={Tu3G--3},
	year={2015},
	organization={Optical Society of America}
}
@article{heck2013hybrid,
	title={Hybrid silicon photonic integrated circuit technology},
	author={Heck, Martijn JR and Bauters, Jared F and Davenport, Michael L and Doylend, Jonathan K and Jain, Siddharth and Kurczveil, G{\'e}za and Srinivasan, Sudharsanan and Tang, Yongbo and Bowers, John E},
	journal={IEEE J. Sel. Top. Quantum Electron},
	volume={19},
	number={4},
	pages={6100117},
	year={2013}
}
@article{keyvaninia2013heterogeneously,
	title={Heterogeneously integrated III-V/silicon distributed feedback lasers},
	author={Keyvaninia, Shahram and Verstuyft, Steven and Van Landschoot, Liesbet and Lelarge, F and Duan, G-H and Messaoudene, S and Fedeli, JM and De Vries, T and Smalbrugge, B and Geluk, EJ and others},
	journal={Optics letters},
	volume={38},
	number={24},
	pages={5434--5437},
	year={2013},
	publisher={Optical Society of America}
}
@inproceedings{bowers2014path,
	title={A path to 300 mm heterogeneous silicon photonic integrated circuits},
	author={Bowers, J and Bovington, J and Liu, A and Gossard, A},
	booktitle={Optical Fiber Communication Conference, OSA Technical Digest (online)(Optical Society of America, 2014), paper Th1C},
	volume={1},
	year={2014}
}
@article{wang2015room,
	title={Room-temperature InP distributed feedback laser array directly grown on silicon},
	author={Wang, Zhechao and Tian, Bin and Pantouvaki, Marianna and Guo, Weiming and Absil, Philippe and Van Campenhout, Joris and Merckling, Clement and Van Thourhout, Dries},
	journal={Nature Photonics},
	volume={9},
	number={12},
	pages={837},
	year={2015},
	publisher={Nature Publishing Group}
}
@article{keyvaninia2013demonstration,
	title={Demonstration of a heterogeneously integrated III-V/SOI single wavelength tunable laser},
	author={Keyvaninia, Shahram and Roelkens, Gunther and Van Thourhout, Dries and Jany, Christophe and Lamponi, Marco and Le Liepvre, Alban and Lelarge, Francois and Make, Dalila and Duan, Guang-Hua and Bordel, Damien and others},
	journal={Optics express},
	volume={21},
	number={3},
	pages={3784--3792},
	year={2013},
	publisher={Optical Society of America}
}
@inproceedings{spuesens2009improved,
	title={Improved design of an InP-based microdisk laser heterogeneously integrated with SOI},
	author={Spuesens, Thijs and Liu, Liu and de Vries, Tjibbe and Romeo, Pedro Rojo and Regreny, Philippe and Van Thourhout, Dries},
	booktitle={Group IV Photonics, 2009. GFP'09. 6th IEEE International Conference on},
	pages={202--204},
	year={2009},
	organization={IEEE}
}
@article{santis2014high,
	title={High-coherence semiconductor lasers based on integral high-Q resonators in hybrid Si/III-V platforms},
	author={Santis, Christos Theodoros and Steger, Scott T and Vilenchik, Yaakov and Vasilyev, Arseny and Yariv, Amnon},
	journal={Proceedings of the National Academy of Sciences},
	volume={111},
	number={8},
	pages={2879--2884},
	year={2014},
	publisher={National Acad Sciences}
}
@inproceedings{masood2013comparison,
	title={Comparison of heater architectures for thermal control of silicon photonic circuits},
	author={Masood, Adil and Pantouvaki, Marianna and Lepage, Guy and Verheyen, Peter and Van Campenhout, Joris and Absil, Philippe and Van Thourhout, Dries and Bogaerts, Wim},
	booktitle={Group IV Photonics (GFP), 2013 IEEE 10th International Conference on},
	pages={83--84},
	year={2013},
	organization={IEEE}
}
@article{chiu2011optical,
	title={Optical phase modulators using deformable waveguides actuated by micro-electro-mechanical systems},
	author={Chiu, Wei-Chao and Chang, Chun-Che and Wu, Jiun-Ming and Lee, Ming-Chang M and Shieh, Jia-Min},
	journal={Optics letters},
	volume={36},
	number={7},
	pages={1089--1091},
	year={2011},
	publisher={Optical Society of America}
}
@article{chen2016low,
	title={Low-loss and broadband 2$\times$ 2 silicon thermo-optic Mach--Zehnder switch with bent directional couplers},
	author={Chen, Sitao and Shi, Yaocheng and He, Sailing and Dai, Daoxin},
	journal={Optics letters},
	volume={41},
	number={4},
	pages={836--839},
	year={2016},
	publisher={Optical Society of America}
}
@article{chen2016variable,
	title={Variable optical attenuator based on a reflective Mach--Zehnder interferometer},
	author={Chen, Sitao and Shi, Yaocheng and He, Sailing and Dai, Daoxin},
	journal={Optics Communications},
	volume={361},
	pages={55--58},
	year={2016},
	publisher={Elsevier}
}
@article{thomson2011high,
	title={High contrast 40Gbit/s optical modulation in silicon},
	author={Thomson, DJ and Gardes, FY and Hu, Y and Mashanovich, G and Fournier, M and Grosse, P and Fedeli, JM and Reed, GT},
	journal={Optics Express},
	volume={19},
	number={12},
	pages={11507--11516},
	year={2011},
	publisher={Optical Society of America}
}
@article{liu2004high,
	title={A high-speed silicon optical modulator based on a metal--oxide--semiconductor capacitor},
	author={Liu, Ansheng and Jones, Richard and Liao, Ling and Samara-Rubio, Dean and Rubin, Doron and Cohen, Oded and Nicolaescu, Remus and Paniccia, Mario},
	journal={Nature},
	volume={427},
	number={6975},
	pages={615},
	year={2004},
	publisher={Nature Publishing Group}
}
@article{xu2005micrometre,
	title={Micrometre-scale silicon electro-optic modulator},
	author={Xu, Qianfan and Schmidt, Bradley and Pradhan, Sameer and Lipson, Michal},
	journal={nature},
	volume={435},
	number={7040},
	pages={325},
	year={2005},
	publisher={Nature Publishing Group}
}
@article{feng2012high,
	title={High speed GeSi electro-absorption modulator at 1550 nm wavelength on SOI waveguide},
	author={Feng, Dazeng and Liao, Shirong and Liang, Hong and Fong, Joan and Bijlani, Bhavin and Shafiiha, Roshanak and Luff, B Jonathan and Luo, Ying and Cunningham, Jack and Krishnamoorthy, Ashok V and others},
	journal={Optics express},
	volume={20},
	number={20},
	pages={22224--22232},
	year={2012},
	publisher={Optical Society of America}
}
@article{liu2011graphene,
	title={A graphene-based broadband optical modulator},
	author={Liu, Ming and Yin, Xiaobo and Ulin-Avila, Erick and Geng, Baisong and Zentgraf, Thomas and Ju, Long and Wang, Feng and Zhang, Xiang},
	journal={Nature},
	volume={474},
	number={7349},
	pages={64},
	year={2011},
	publisher={Nature Publishing Group}
}
@inproceedings{koos2014terabit,
	title={Terabit/s optical transmission using chip-scale frequency comb sources},
	author={Koos, Christian and Freude, Wolfgang and Kippenberg, Tobias J and Leuthold, Juerg and Dalton, Larry R and Pfeifle, J{\"o}rg and Weimann, Claudius and Lauermann, Matthias and Palmer, Robert and Koeber, Sebastian and others},
	booktitle={Optical Communication (ECOC), 2014 European Conference on},
	pages={1--3},
	year={2014},
	organization={IEEE}
}
@article{tang2012over,
	title={Over 67 GHz bandwidth hybrid silicon electroabsorption modulator with asymmetric segmented electrode for 1.3 $\mu$m transmission},
	author={Tang, Yongbo and Peters, Jonathan D and Bowers, John E},
	journal={Optics express},
	volume={20},
	number={10},
	pages={11529--11535},
	year={2012},
	publisher={Optical Society of America}
}
@article{doylend2010silicon,
	title={Silicon photonic resonator-enhanced defect-mediated photodiode for sub-bandgap detection},
	author={Doylend, JK and Jessop, PE and Knights, AP},
	journal={Optics express},
	volume={18},
	number={14},
	pages={14671--14678},
	year={2010},
	publisher={Optical Society of America}
}
@article{binetti2010inp,
	title={InP/InGaAs photodetector on SOI photonic circuitry},
	author={Binetti, PRA and Leijtens, XJM and De Vries, T and Oei, YS and Di Cioccio, L and Fedeli, J-M and Lagahe, C and Van Campenhout, J and Van Thourhout, D and Van Veldhoven, PJ and others},
	journal={IEEE Photonics Journal},
	volume={2},
	number={3},
	pages={299--305},
	year={2010},
	publisher={IEEE}
}
@article{vivien2012zero,
	title={Zero-bias 40Gbit/s germanium waveguide photodetector on silicon},
	author={Vivien, Laurent and Polzer, Andreas and Marris-Morini, Delphine and Osmond, Johann and Hartmann, Jean Michel and Crozat, Paul and Cassan, Eric and Kopp, Christophe and Zimmermann, Horst and F{\'e}d{\'e}li, Jean Marc},
	journal={Optics express},
	volume={20},
	number={2},
	pages={1096--1101},
	year={2012},
	publisher={Optical Society of America}
}
@article{assefa2010reinventing,
	title={Reinventing germanium avalanche photodetector for nanophotonic on-chip optical interconnects},
	author={Assefa, Solomon and Xia, Fengnian and Vlasov, Yurii A},
	journal={Nature},
	volume={464},
	number={7285},
	pages={80},
	year={2010},
	publisher={Nature Publishing Group}
}
@article{gassenq2012gesn,
	title={GeSn/Ge heterostructure short-wave infrared photodetectors on silicon},
	author={Gassenq, Alban and Gencarelli, Federica and Van Campenhout, Joris and Shimura, Yosuke and Loo, Roger and Narcy, G and Vincent, Benjamin and Roelkens, G{\"u}nther},
	journal={Optics express},
	volume={20},
	number={25},
	pages={27297--27303},
	year={2012},
	publisher={Optical Society of America}
}
@article{liu2010wavelength,
	title={Wavelength division multiplexing based photonic integrated circuits on silicon-on-insulator platform},
	author={Liu, Ansheng and Liao, Ling and Chetrit, Yoel and Basak, Juthika and Nguyen, Hat and Rubin, Doron and Paniccia, Mario},
	journal={IEEE Journal of Selected Topics in Quantum Electronics},
	volume={16},
	number={1},
	pages={23--32},
	year={2010},
	publisher={IEEE}
}
@article{doerr2011silicon,
	title={Silicon photonics core-, wavelength-, and polarization-diversity receiver},
	author={Doerr, CR and Taunay, TF},
	journal={IEEE Photonics Technology Letters},
	volume={23},
	number={9},
	pages={597--599},
	year={2011},
	publisher={IEEE}
}
@article{dai2013silicon,
	title={Silicon multimode photonic integrated devices for on-chip mode-division-multiplexed optical interconnects (invited review)},
	author={Dai, Daoxin and Wang, Jian and He, Sailing},
	journal={Progress In Electromagnetics Research},
	volume={143},
	pages={773--819},
	year={2013},
	publisher={EMW Publishing}
}
@article{leroy2008concepts,
	title={Concepts and implementation of spatial division multiplexing for guaranteed throughput in networks-on-chip},
	author={Leroy, Anthony and Milojevic, Dragomir and Verkest, Diederik and Robert, Fr{\'e}d{\'e}ric and Catthoor, Francky},
	journal={IEEE Transactions on Computers},
	volume={57},
	number={9},
	pages={1182--1195},
	year={2008},
	publisher={IEEE}
}
@article{redding2013compact,
	title={Compact spectrometer based on a disordered photonic chip},
	author={Redding, Brandon and Liew, Seng Fatt and Sarma, Raktim and Cao, Hui},
	journal={Nature Photonics},
	volume={7},
	number={9},
	pages={746--751},
	year={2013},
	publisher={Nature Publishing Group}
}
@article{cheben2007high,
	title={A high-resolution silicon-on-insulator arrayed waveguide grating microspectrometer with sub-micrometer aperture waveguides},
	author={Cheben, Pavel and Schmid, JH and Del{\^a}ge, Andr{\'e} and Densmore, Adam and Janz, Siegfried and Lamontagne, Boris and Lapointe, J and Post, Edith and Waldron, Philip and Xu, D-X},
	journal={Optics express},
	volume={15},
	number={5},
	pages={2299--2306},
	year={2007},
	publisher={Optical Society of America}
}
@article{matos2006arrayed,
	title={Arrayed waveguide grating based on group-index modification},
	author={Matos, O Martinez and Calvo, Mar{\'\i}a L and Cheben, Pavel and Janz, Siegfried and Rodrigo, Jos{\'e} A and Xu, D-X and Del{\^a}ge, Andr{\'e}},
	journal={Journal of lightwave technology},
	volume={24},
	number={3},
	pages={1551--1557},
	year={2006},
	publisher={IEEE}
}
@article{peroz2012multiband,
	title={Multiband wavelength demultiplexer based on digital planar holography for on-chip spectroscopy applications},
	author={Peroz, C and Calo, C and Goltsov, A and Dhuey, S and Koshelev, A and Sasorov, P and Ivonin, I and Babin, S and Cabrini, S and Yankov, V},
	journal={Optics letters},
	volume={37},
	number={4},
	pages={695--697},
	year={2012},
	publisher={Optical Society of America}
}
@article{calafiore2014holographic,
	title={Holographic planar lightwave circuit for on-chip spectroscopy},
	author={Calafiore, Giuseppe and Koshelev, Alexander and Dhuey, Scott and Goltsov, Alexander and Sasorov, Pavel and Babin, Sergey and Yankov, Vladimir and Cabrini, Stefano and Peroz, Christophe},
	journal={Light: Science \& Applications},
	volume={3},
	number={9},
	pages={e203},
	year={2014},
	publisher={Nature Publishing Group}
}
@article{fan2018highly,
	title={Highly-uniform resonator-based visible spectrometer on a Si 3 N 4 platform with robust and accurate post-fabrication trimming},
	author={Fan, Tianren and Xia, Zhixuan and Adibi, Ali and Eftekhar, Ali A},
	journal={Optics letters},
	volume={43},
	number={20},
	pages={4887--4890},
	year={2018},
	publisher={Optical Society of America}
}
@article{momeni2009integrated,
	title={Integrated photonic crystal spectrometers for sensing applications},
	author={Momeni, Babak and Hosseini, Ehsan Shah and Askari, Murtaza and Soltani, Mohammad and Adibi, Ali},
	journal={Optics communications},
	volume={282},
	number={15},
	pages={3168--3171},
	year={2009},
	publisher={Elsevier}
}
@book{saleh1991fundamentals,
	title={Fundamentals of photonics},
	author={Saleh, Bahaa EA and Teich, Malvin Carl and Saleh, Bahaa E},
	volume={22},
	year={1991},
	publisher={Wiley New York}
}
@article{chen2015experimental,
	title={Experimental demonstration of simultaneous mode and polarization-division multiplexing based on silicon densely packed waveguide array},
	author={Chen, Kaixuan and Wang, Siya and Chen, Sitao and Wang, Shipeng and Zhang, Chenzhao and Dai, Daoxin and Liu, Liu},
	journal={Optics letters},
	volume={40},
	number={20},
	pages={4655--4658},
	year={2015},
	publisher={Optical Society of America}
}
@article{liu2015densely,
	title={Densely packed waveguide array (DPWA) on a silicon chip for mode division multiplexing},
	author={Liu, Liu},
	journal={Optics express},
	volume={23},
	number={9},
	pages={12135--12143},
	year={2015},
	publisher={Optical Society of America}
}
@article{song2015high,
	title={High-density waveguide superlattices with low crosstalk},
	author={Song, Weiwei and Gatdula, Robert and Abbaslou, Siamak and Lu, Ming and Stein, Aaron and Lai, Warren YC and Provine, J and Pease, R Fabian W and Christodoulides, Demetrios N and Jiang, Wei},
	journal={Nature communications},
	volume={6},
	pages={7027},
	year={2015},
	publisher={Nature Publishing Group}
}
@webpage{
	modesolution,
	author = {Lumerical},
	title = {{Lumerical MODE Solutions}},
	publisher = {{Lumerical Solution}},
	year = {2018},
	url = {https://www.lumerical.com/tcad-products/mode/},
	citedate={2018/9/26}
}
@webpage{
	fdtdsolution,
	author = {Lumerical},
	title = {{Lumerical FDTD Solutions}},
	publisher = {{Lumerical Solution}},
	year = {2016},
	url = {https://www.lumerical.com/tcad-products/fdtd/},
	citedate={2018/9/27}
}

@article{song2012chip,
	title={On-chip spectrometer with a circular-hole defect for optical sensing applications},
	author={Song, Jun and Zhou, Xiang and Li, Yuan-zhou and Li, Xuan},
	journal={Optics Express},
	volume={20},
	number={17},
	pages={19226--19231},
	year={2012},
	publisher={Optical Society of America}
}

@article{pommarede201716,
	title={16 * 100 GHz Echelle Grating-Based Wavelength Multiplexer on Silicon-on-Insulator Platform},
	author={Pommarede, X and Hassan, K and Billondeau, P and Hugues, V and Grosse, P and Charbonnier, B and Duan, G-H},
	journal={IEEE Photonics Technology Letters},
	volume={29},
	number={6},
	pages={493--495},
	year={2017},
	publisher={IEEE}
}

@article{horst2009silicon,
	title={Silicon-on-insulator echelle grating WDM demultiplexers with two stigmatic points},
	author={Horst, Folkert and Green, William MJ and Offrein, Bert Jan and Vlasov, Yurii A},
	journal={IEEE Photonics Technology Letters},
	volume={21},
	number={23},
	pages={1743--1745},
	year={2009},
	publisher={IEEE}
}
@inproceedings{horst2008echelle,
	title={Echelle grating WDM (de-) multiplexers in SOI technology, based on a design with two stigmatic points},
	author={Horst, F and Green, William MJ and Offrein, BJ and Vlasov, Yurii},
	booktitle={Silicon Photonics and Photonic Integrated Circuits},
	volume={6996},
	pages={69960R},
	year={2008},
	organization={International Society for Optics and Photonics}
}
@article{lycett2013perfect,
	title={Perfect chirped echelle grating wavelength multiplexor: design and optimization},
	author={Lycett, Richard J and Gallagher, Dominic FG and Brulis, Vincent J},
	journal={IEEE Photonics Journal},
	volume={5},
	number={2},
	pages={2400123--2400123},
	year={2013},
	publisher={IEEE}
}
@phdthesis{pathak2014silicon,
	title={Silicon nano-photonics based arrayed waveguide gratings},
	author={Pathak, Shibnath},
	year={2014},
	school={Ghent University}
}
@article{piaszenskicontinuous,
	title={Continuous electron beam lithography writing modes for optical waveguide nanofabrication},
	author={Piaszenski, G and Sanabia, J and Schmits, R and Bodis, P and Nouvertne, F},
	journal={Raith application note, Raith GmbH}
}
@article{he1998monolithic,
	title={Monolithic integrated wavelength demultiplexer based on a waveguide Rowland circle grating in InGaAsP/lnP},
	author={He, Jian-Jun and Lamontagne, Boris and Del{\^a}ge, Andr{\'e} and Erickson, Lynden and Davies, Michael and Koteles, Emil S},
	journal={Journal of lightwave technology},
	volume={16},
	number={4},
	pages={631--638},
	year={1998},
	publisher={IEEE}
}
@article{xie2018silicon,
	title={Silicon Nitride/Silicon Dioxide Echelle Grating Spectrometer for Operation Near 1.55 $\mu$m},
	author={Xie, Shengjie and Meng, Yang and Bland-Hawthorn, Joss and Veilleux, Sylvain and Dagenais, Mario},
	journal={IEEE Photonics Journal},
	volume={10},
	number={6},
	pages={1--7},
	year={2018},
	publisher={IEEE}
}
@article{melati2014optical,
	title={Optical radiative crosstalk in integrated photonic waveguides},
	author={Melati, Daniele and Morichetti, Francesco and Gentili, Gian Guido and Melloni, Andrea},
	journal={Optics letters},
	volume={39},
	number={13},
	pages={3982--3985},
	year={2014},
	publisher={Optical Society of America}
}
@article{vlasov2004losses,
	title={Losses in single-mode silicon-on-insulator strip waveguides and bends},
	author={Vlasov, Yurii A and McNab, Sharee J},
	journal={Optics express},
	volume={12},
	number={8},
	pages={1622--1631},
	year={2004},
	publisher={Optical Society of America}
}
@article{ryckeboer2013silicon,
	title={Silicon-on-insulator spectrometers with integrated GaInAsSb photodiodes for wide-band spectroscopy from 1510 to 2300 nm},
	author={Ryckeboer, Eva and Gassenq, Alban and Muneeb, Muhammad and Hattasan, Nannicha and Pathak, Shibnath and Cerutti, L and Rodriguez, JB and Tourni{\'e}, E and Bogaerts, Wim and Baets, Roel and others},
	journal={Optics express},
	volume={21},
	number={5},
	pages={6101--6108},
	year={2013},
	publisher={Optical Society of America}
}
@article{plossl1999wafer,
	title={Wafer direct bonding: tailoring adhesion between brittle materials},
	author={Pl{\"o}{\ss}l, Andreas and Kr{\"a}uter, Gertrud},
	journal={Materials Science and Engineering: R: Reports},
	volume={25},
	number={1-2},
	pages={1--88},
	year={1999},
	publisher={Elsevier}
}
@article{li2017low,
	title={Low-loss and low-crosstalk multi-channel mode (de) multiplexer with ultrathin silicon waveguides},
	author={Li, Chenlei and Dai, Daoxin},
	journal={Optics letters},
	volume={42},
	number={12},
	pages={2370--2373},
	year={2017},
	publisher={Optical Society of America}
}
@article{zou201560,
	title={60-nm-thick basic photonic components and Bragg gratings on the silicon-on-insulator platform},
	author={Zou, Zhi and Zhou, Linjie and Li, Xinwan and Chen, Jianping},
	journal={Optics express},
	volume={23},
	number={16},
	pages={20784--20795},
	year={2015},
	publisher={Optical Society of America}
}
@article{fard2014performance,
	title={Performance of ultra-thin SOI-based resonators for sensing applications},
	author={Fard, Sahba Talebi and Donzella, Valentina and Schmidt, Shon A and Flueckiger, Jonas and Grist, Samantha M and Fard, Pouria Talebi and Wu, Yichen and Bojko, Rick J and Kwok, Ezra and Jaeger, Nicolas AF and others},
	journal={Optics express},
	volume={22},
	number={12},
	pages={14166--14179},
	year={2014},
	publisher={Optical Society of America}
}
@webpage{
	microchemicals,
	author = {MicroChemicals},
	title = {Silicon, Quartz and Glass Wafers},
	publisher = {MicroChemicals},
	year = {2018},
	url = {https://www.microchemicals.com},
	citedate={2018/10/06}
}
@article{mehta2011introduction,
	title={Introduction to the electromagnetic spectrum and spectroscopy},
	author={Mehta, Akul},
	journal={Analytical Chemistry), Pharmaxchange, Aug},
	year={2011}
}
@book{ydy2011gcgx,
	title={工程光学},
	author={郁道银，谈恒英},
	year={2011},
	publisher={机械工业出版社}
}
@book{xhs2005ysxxgc,
	title={颜色信息工程},
	author={徐海松},
	year={2005},
	publisher={浙江大学出版社}
}
@book{lxt2007jhgx,
	title={几何光学·相差·光学设计},
	author={李晓彤，岑兆丰},
	year={2007},
	publisher={浙江大学出版社}
}
@book{hunt1995reproduction,
	title={The reproduction of colour},
	author={Hunt, Robert and William, Gainer and Wright, Walter Dawson},
	volume={5},
	year={1995},
	publisher={Fountain Press England}
}
@book{webvision,
	title={The Organization of the Retina and Visual System},
	author={Helga, Kolb and Eduardo, Fernandez and Ralph, Nelson and Bryan, Jones},
	publisher={On line Book}
}
@webpage{
	yalebrightness,
	author = {Yale Astronomy},
	title = {Radiation Essentials},
	year = {2018},
	url = {http://www.astro.yale.edu/vdbosch/astro320_summary21.pdf},
	citedate={2018/10/06}
}
@webpage{
	sunspectrum,
	author = {National Renewable Energy Laboratory},
	title = {ASTM G173-03 Reference Spectra Derived from SMARTS v. 2.9.2 (AM1.5)},
	year = {2018},
	url = {https://www.nrel.gov/},
	citedate={2018/10/06}
}
@article{international1999iec,
	title={IEC 61966-2-1: Multimedia systems and equipment-Colour measurement and management-Part 2-1: Colour management-Default RGB colour space-sRGB},
	author={International Electrotechnical Commission and others},
	journal={Geneva, Switzerland: International Electrotechnical Commission},
	year={1999}
}
@article{stern1988semivectorial,
	title={Semivectorial polarised finite difference method for optical waveguides with arbitrary index profiles},
	author={Stern, MS},
	journal={IEE Proceedings J (Optoelectronics)},
	volume={135},
	number={1},
	pages={56--63},
	year={1988},
	publisher={IET}
}
@book{jin2015finite,
	title={The finite element method in electromagnetics},
	author={Jin, Jian-Ming},
	year={2015},
	publisher={John Wiley \& Sons}
}
@webpage{
	comsol,
	author = {},
	title = {{COMSOL Multiphysics}},
	publisher = {},
	year = {2018},
	url = {https://www.comsol.com},
	citedate={2018/9/26}
}
@article{yee1966numerical,
	title={Numerical solution of initial boundary value problems involving Maxwell's equations in isotropic media},
	author={Yee, Kane},
	journal={IEEE Transactions on antennas and propagation},
	volume={14},
	number={3},
	pages={302--307},
	year={1966},
	publisher={IEEE}
}
@article{taflove1975numerical,
	title={Numerical solution of steady-state electromagnetic scattering problems using the time-dependent Maxwell's equations},
	author={Taflove, Allen and Brodwin, Morris E},
	journal={IEEE transactions on microwave theory and techniques},
	volume={23},
	number={8},
	pages={623--630},
	year={1975},
	publisher={IEEE}
}
@article{hadley1991transparent,
	title={Transparent boundary condition for beam propagation},
	author={Hadley, G Ronald},
	journal={Optics Letters},
	volume={16},
	number={9},
	pages={624--626},
	year={1991},
	publisher={Optical Society of America}
}
@article{mittra1989review,
	title={A review of absorbing boundary conditions for two and three-dimensional electromagnetic scattering problems},
	author={Mittra, R and Ramahi, OO and Khebir, A and Gordon, R and Kouki, A},
	journal={IEEE Transactions on Magnetics},
	volume={25},
	number={4},
	pages={3034--3039},
	year={1989},
	publisher={IEEE}
}
@article{berenger1994perfectly,
	title={A perfectly matched layer for the absorption of electromagnetic waves},
	author={Berenger, Jean-Pierre},
	journal={Journal of computational physics},
	volume={114},
	number={2},
	pages={185--200},
	year={1994},
	publisher={Elsevier}
}
@book{rai1997handbook,
	title={Handbook of microlithography, micromachining, and microfabrication: microlithography},
	author={Rai-Choudhury, Prosenjit},
	volume={1},
	year={1997},
	publisher={Iet}
}
@article{liu2016silicon,
	title={Silicon waveguide grating coupler for perfectly vertical fiber based on a tilted membrane structure},
	author={Liu, Liu and Zhang, Jianhao and Zhang, Chenzhao and Wang, Siya and Jin, Chichao and Chen, Yujie and Chen, Kaixuan and Xiang, Tuowen and Shi, Yaocheng},
	journal={Optics letters},
	volume={41},
	number={4},
	pages={820--823},
	year={2016},
	publisher={Optical Society of America}
}
@article{moore2018cramming,
	title={Cramming more components onto integrated circuits. Electronics 38 (8). Online},
	author={Moore, GE},
	year={2018}
}
@book{zzpgjgdzx,
	title={硅基光电子学},
	author={周治平},
	year={2012},
	publisher={北京大学出版社}
}
@book{hslwngzjc,
	title={微纳光子集成},
	author={何赛灵，戴道锌},
	year={2010},
	publisher={科学出版社}
}
@book{ttt2005jcgx,
	title={集成光学},
	author={唐天同 and 王兆宏},
	year={2005},
	publisher={科学出版社}
}
@book{okamoto2006fundamentals,
	title={Fundamentals of optical waveguides},
	author={Okamoto, Katsunari},
	year={2006},
	publisher={Academic press}
}
@article{van1981beam,
	title={Beam-propagation method: analysis and assessment},
	author={Van Roey, J and Van der Donk, J and Lagasse, PE},
	journal={Josa},
	volume={71},
	number={7},
	pages={803--810},
	year={1981},
	publisher={Optical Society of America}
}
@inproceedings{gallagher2003eigenmode,
	title={Eigenmode expansion methods for simulation of optical propagation in photonics: pros and cons},
	author={Gallagher, Dominic FG and Felici, Thomas P},
	booktitle={Integrated Optics: Devices, Materials, and Technologies VII},
	volume={4987},
	pages={69--83},
	year={2003},
	organization={International Society for Optics and Photonics}
}
@book{suhara2004semiconductor,
	title={Semiconductor laser fundamentals},
	author={Suhara, Toshiaki},
	year={2004},
	publisher={CRC press}
}
@article{kogelnik1971stimulated,
	title={Stimulated emission in a periodic structure},
	author={Kogelnik, H and Shank, CV},
	journal={Applied Physics Letters},
	volume={18},
	number={4},
	pages={152--154},
	year={1971},
	publisher={AIP}
}
@article{kogelnik1972coupled,
	title={Coupled-wave theory of distributed feedback lasers},
	author={Kogelnik, H and Shank, CV},
	journal={Journal of applied physics},
	volume={43},
	number={5},
	pages={2327--2335},
	year={1972},
	publisher={AIP}
}
@article{nakamura1973optically,
	title={Optically pumped GaAs surface laser with corrugation feedback},
	author={Nakamura, M and Yariv, A and Yen, HW and Somekh, S and Garvin, HL},
	journal={Applied Physics Letters},
	volume={22},
	number={10},
	pages={515--516},
	year={1973},
	publisher={AIP}
}
@article{nakamura1974gaas,
	title={GaAs--Ga1- x Al x As double-heterostructure distributed-feedback diode lasers},
	author={Nakamura, M v and Aiki, K and Umeda, Jun-ichi and Yariv, A and Yen, HW and Morikawa, T},
	journal={Applied Physics Letters},
	volume={25},
	number={9},
	pages={487--488},
	year={1974},
	publisher={AIP}
}
@article{nakamura1975cw,
	title={CW operation of distributed-feedback GaAs-GaAlAs diode lasers at temperatures up to 300 K},
	author={Nakamura, M and Aiki, K and Umeda, J and Yariv, A},
	journal={Applied Physics Letters},
	volume={27},
	number={7},
	pages={403--405},
	year={1975},
	publisher={AIP}
}
@article{huybrechts2010digital,
	title={Digital Photonics Using Single Laser Diodes for All-Optical Network Nodes},
	author={Huybrechts, K},
	year={2010},
	publisher={PhD Thesis}
}
@article{soref1985single,
	title={Single-crystal silicon: a new material for 1.3 and 1.6 $\mu$m integrated-optical components},
	author={Soref, RA and Lorenzo, JP},
	journal={Electronics Letters},
	volume={21},
	number={21},
	pages={953--954},
	year={1985},
	publisher={IET}
}
@inproceedings{reed2005silicon,
	title={Silicon photonics: The early years},
	author={Reed, Graham T and Headley, William Robert and Png, CE Jason},
	booktitle={Optoelectronic Integration on Silicon II},
	volume={5730},
	pages={1--19},
	year={2005},
	organization={International Society for Optics and Photonics}
}
@article{rong2005continuous,
	title={A continuous-wave Raman silicon laser},
	author={Rong, Haisheng and Jones, Richard and Liu, Ansheng and Cohen, Oded and Hak, Dani and Fang, Alexander and Paniccia, Mario},
	journal={Nature},
	volume={433},
	number={7027},
	pages={725},
	year={2005},
	publisher={Nature Publishing Group}
}
@article{liang2008highly,
	title={Highly efficient vertical outgassing channels for low-temperature InP-to-silicon direct wafer bonding on the silicon-on-insulator substrate},
	author={Liang, D and Bowers, JE},
	journal={Journal of Vacuum Science \& Technology B: Microelectronics and Nanometer Structures Processing, Measurement, and Phenomena},
	volume={26},
	number={4},
	pages={1560--1568},
	year={2008},
	publisher={AVS}
}
@article{niklaus2006adhesive,
	title={Adhesive wafer bonding},
	author={Niklaus, Frank and Stemme, G{\"o}ran and Lu, J-Q and Gutmann, RJ},
	journal={Journal of applied physics},
	volume={99},
	number={3},
	pages={2},
	year={2006},
	publisher={AIP}
}
@article{cho1983growth,
	title={Growth of III--V semiconductors by molecular beam epitaxy and their properties},
	author={Cho, AY},
	journal={Thin Solid Films},
	volume={100},
	number={4},
	pages={291--317},
	year={1983},
	publisher={Elsevier}
}
@article{bean1985strained,
	title={Strained-layer epitaxy of germanium-silicon alloys},
	author={Bean, John C},
	journal={Science},
	volume={230},
	number={4722},
	pages={127--131},
	year={1985},
	publisher={American Association for the Advancement of Science}
}
@article{liang2010recent,
	title={Recent progress in lasers on silicon},
	author={Liang, Di and Bowers, John E},
	journal={Nature photonics},
	volume={4},
	number={8},
	pages={511},
	year={2010},
	publisher={Nature Publishing Group}
}
@article{liu2015reliability,
	title={Reliability of InAs/GaAs quantum dot lasers epitaxially grown on silicon},
	author={Liu, Alan Y and Herrick, Robert W and Ueda, Osamu and Petroff, Pierre M and Gossard, Arthur C and Bowers, John E},
	journal={IEEE Journal of Selected Topics in Quantum Electronics},
	volume={21},
	number={6},
	pages={690--697},
	year={2015},
	publisher={IEEE}
}
@article{bornholdt2000self,
	title={Self-pulsating DFB laser for all-optical clock recovery at 40 Gbit/s},
	author={Bornholdt, C and Sartorius, B and Schelhase, S and M{\"o}hrle, M and Bauer, S},
	journal={Electronics Letters},
	volume={36},
	number={4},
	pages={1},
	year={2000},
	publisher={The Institution of Engineering \& Technology}
}
@article{bornholdt2000self,
	title={Self-pulsating DFB laser for all-optical clock recovery at 40 Gbit/s},
	author={Bornholdt, C and Sartorius, B and Schelhase, S and M{\"o}hrle, M and Bauer, S},
	journal={Electronics Letters},
	volume={36},
	number={4},
	pages={1},
	year={2000},
	publisher={The Institution of Engineering \& Technology}
}
@article{feiste199418,
	title={18 GHz all-optical frequency locking and clock recovery using a self-pulsating two-section DFB-laser},
	author={Feiste, U and As, DJ and Ehrhardt, A},
	journal={IEEE photonics technology letters},
	volume={6},
	number={1},
	pages={106--108},
	year={1994},
	publisher={IEEE}
}
@article{barnsley1991all,
	title={All-optical clock recovery from 5 Gb/s RZ data using a self-pulsating 1.56 mu m laser diode},
	author={Barnsley, PE and Wickes, HJ and Wickens, GE and Spirit, DM},
	journal={IEEE Photonics Technology Letters},
	volume={3},
	number={10},
	pages={942--945},
	year={1991},
	publisher={IEEE}
}
@article{renaudier200545,
	title={45 GHz self-pulsation with narrow linewidth in quantum dot Fabry-Perot semiconductor lasers at 1.5/spl mu/m},
	author={Renaudier, J and Brenot, R and Dagens, B and Lelarge, F and Rousseau, B and Poingt, F and Legouezigou, O and Pommereau, F and Accard, A and Gallion, P and others},
	journal={Electronics Letters},
	volume={41},
	number={18},
	pages={1007--1008},
	year={2005},
	publisher={IET}
}
@inproceedings{el2015all,
	title={All-optical clock and data recovery using self-pulsating lasers for high-speed optical networks},
	author={El-Sayed, Yasmine and Wageeh, Amr and Ismail, Tawfik and Mostafa, Hassan},
	booktitle={Energy Aware Computing Systems \& Applications (ICEAC), 2015 International Conference on},
	pages={1--3},
	year={2015},
	organization={IEEE}
}
@article{ohno2003self,
	title={Self-pulsation in InGaN laser diodes with saturable absorber layers},
	author={Ohno, T and Ito, S and Kawakami, T and Taneya, M},
	journal={Applied physics letters},
	volume={83},
	number={6},
	pages={1098--1100},
	year={2003},
	publisher={AIP}
}
@article{sartorius1997dispersive,
	title={Dispersive self-Q-switching in self-pulsating DFB lasers},
	author={Sartorius, Bernd and Mohrle, M and Reichenbacher, Stefan and Preier, Horst and Wunsche, H-J and Bandelow, Uwe},
	journal={IEEE journal of quantum electronics},
	volume={33},
	number={2},
	pages={211--218},
	year={1997},
	publisher={IEEE}
}
@article{bandelow1993theory,
	title={Theory of selfpulsations in two-section DFB lasers},
	author={Bandelow, U and Wunsche, HJ and Wenzel, H},
	journal={IEEE photonics technology letters},
	volume={5},
	number={10},
	pages={1176--1179},
	year={1993},
	publisher={IEEE}
}
@article{marcenac1994distinction,
	title={Distinction between multimoded and singlemoded self-pulsations-in DFB lasers},
	author={Marcenac, DD and Carroll, JE},
	journal={Electronics Letters},
	volume={30},
	number={14},
	pages={1137--1138},
	year={1994},
	publisher={IET}
}
@inproceedings{lowery1994improving,
	title={Improving pulses from 2-contact self-pulsating DFB semiconductor lasers},
	author={Lowery, AJ and Gurney, PCR},
	booktitle={Semiconductor Laser Conference, 1994., 14th IEEE International},
	pages={103--104},
	year={1994},
	organization={IEEE}
}
@article{phelan1994comparison,
	title={Comparison of self-pulsation in multisection lasers with distributed feedback and intracavity saturable absorbers},
	author={Phelan, P and McDonald, D and Egan, A and Hegarty, Joe and O'Dowd, R and Farrell, Gerald and Lindgren, S},
	journal={IEE Proceedings-Optoelectronics},
	volume={141},
	number={2},
	pages={114--118},
	year={1994},
	publisher={IET}
}
@article{wenzel1996mechanisms,
	title={Mechanisms of fast self pulsations in two-section DFB lasers},
	author={Wenzel, Hans and Bandelow, Uwe and Wunsche, H-J and Rehberg, Joachim},
	journal={IEEE Journal of Quantum Electronics},
	volume={32},
	number={1},
	pages={69--78},
	year={1996},
	publisher={IEEE}
}
@article{mohrle1992gigahertz,
	title={Gigahertz self-pulsation in 1.5 mu m wavelength multisection DFB lasers},
	author={Mohrle, M and Feister, U and Horer, J and Molt, R and Sartorius, B},
	journal={IEEE photonics technology letters},
	volume={4},
	number={9},
	pages={976--978},
	year={1992},
	publisher={IEEE}
}
@webpage{
	Imec,
	author = {IMEC-EPIXFAB},
	title = {{Europractice Silicon Photonics MPW offer}},
	publisher = {{The EUROPRACTICE Silicon Photonics Support Team}},
	year = {2016},
	url = {http://www.europractice-ic.com/SiPhotonics\_general.php},
	citedate={2018/10/14}
}
@book{morthier2013handbook,
	title={Handbook of distributed feedback laser diodes},
	author={Morthier, Geert and Vankwikelberge, Patrick},
	year={2013},
	publisher={Artech House}
}
@article{shockley1952statistics,
	title={Statistics of the recombinations of holes and electrons},
	author={Shockley, We and Read Jr, WT},
	journal={Physical review},
	volume={87},
	number={5},
	pages={835},
	year={1952},
	publisher={APS}
}
@article{olshansky1984measurement,
	title={Measurement of radiative and nonradiative recombination rates in InGaAsP and AlGaAs light sources},
	author={Olshansky, Robert and Su, C and Manning, J and Powazinik, William},
	journal={IEEE journal of quantum electronics},
	volume={20},
	number={8},
	pages={838--854},
	year={1984},
	publisher={IEEE}
}
@book{agrawal1986long,
	title={Long wavelength semiconductor lasers},
	author={Agrawal, Govind P and Dutta, Niloy K},
	year={1986},
	publisher={Van Nostrand Reinhold Co. Inc., New York, NY}
}
@book{dexiu1999,
	title={半导体激光器及其应用},
	author={黄德修 and 刘雪峰},
	year={1999},
	publisher={国防工业出版社}
}
@book{petermann2012laser,
	title={Laser diode modulation and noise},
	author={Petermann, Klaus},
	volume={3},
	year={2012},
	publisher={Springer Science \& Business Media}
}
@article{shahin201845,
	title={45 Gb/s Direct Modulation of Two-Section InP-on-Si DFB Laser Diodes},
	author={Shahin, Mahmoud and Ma, K and Abbasi, Amin and Roelkens, G{\"u}nther and Morthier, Geert},
	journal={IEEE Photonics Technology Letters},
	volume={30},
	number={8},
	pages={685--687},
	year={2018},
	publisher={IEEE}
}
@article{wei2016realizing,
	title={Realizing 60 GHz narrow-linewidth photonic microwaves with very low RF driving power},
	author={Wei, Weiwei and Lin, Peng and Ke, Shanming and Zeng, Xierong},
	journal={Laser Physics Letters},
	volume={13},
	number={12},
	pages={126202},
	year={2016},
	publisher={IOP Publishing}
}
@article{wirths2015lasing,
	title={Lasing in direct-bandgap GeSn alloy grown on Si},
	author={Wirths, Stephan and Geiger, Richard and Von Den Driesch, N and Mussler, G and Stoica, T and Mantl, S and Ikonic, Z and Luysberg, Ml and Chiussi, S and Hartmann, JM and others},
	journal={Nature photonics},
	volume={9},
	number={2},
	pages={88},
	year={2015},
	publisher={Nature Publishing Group}
}
@article{liang2010hybrid,
	title={Hybrid integrated platforms for silicon photonics},
	author={Liang, Di and Roelkens, Gunther and Baets, Roel and Bowers, John E},
	journal={Materials},
	volume={3},
	number={3},
	pages={1782--1802},
	year={2010},
	publisher={Molecular Diversity Preservation International}
}
@article{roelkens2010iii,
	title={III-V/silicon photonics for on-chip and intra-chip optical interconnects},
	author={Roelkens, G{\"u}nther and Liu, Liu and Liang, Di and Jones, Richard and Fang, Alexander and Koch, Brian and Bowers, John},
	journal={Laser \& Photonics Reviews},
	volume={4},
	number={6},
	pages={751--779},
	year={2010},
	publisher={Wiley Online Library}
}
@article{duan2014hybrid,
	title={Hybrid III--V on Silicon Lasers for Photonic Integrated Circuits on Silicon},
	author={Duan, Guang-Hua and Jany, Christophe and Le Liepvre, Alban and Accard, Alain and Lamponi, Marco and Make, Dalila and Kaspar, Peter and Levaufre, Guillaume and Girard, Nils and Lelarge, Fran{\c{c}}ois and others},
	journal={IEEE Journal of selected topics in quantum electronics},
	volume={20},
	number={4},
	pages={158--170},
	year={2014},
	publisher={IEEE}
}
@article{pasquariello2002plasma,
	title={Plasma-assisted InP-to-Si low temperature wafer bonding},
	author={Pasquariello, Donato and Hjort, Klas},
	journal={IEEE Journal of Selected Topics in Quantum Electronics},
	volume={8},
	number={1},
	pages={118--131},
	year={2002},
	publisher={IEEE}
}
@inproceedings{roelkens2007heterogeneous,
	title={Heterogeneous III-V/silicon photonics: bonding technology and integrated devices},
	author={Roelkens, G and Brouckaert, J and Van Campenhout, J and Van Thourhout, D and Baets, R},
	booktitle={Annual Workshop of the IEEE/LEOS Benelux Chapter Progress in Optical Devices and Materials},
	pages={3},
	year={2007}
}
@inproceedings{reithmaier2005modulation,
	title={Modulation speed enhancement by coupling to higher order resonances: a road towards 40 GHz bandwidth lasers on InP},
	author={Reithmaier, JP and Kaiser, W and Bach, L and Forchel, A and Feies, V and Gioannini, M and Montrosset, I and Berg, TW and Tromborg, B},
	booktitle={Indium Phosphide and Related Materials, 2005. International Conference on},
	pages={118--123},
	year={2005},
	organization={IEEE}
}
@article{brox2003high,
	title={High-frequency pulsations in DFB lasers with amplified feedback},
	author={Brox, Olaf and Bauer, Stefan and Radziunas, Mindaugas and Wolfrum, Matthias and Sieber, Jan and Kreissl, Jochen and Sartorius, Bernd and Wunsche, H-J},
	journal={IEEE journal of Quantum Electronics},
	volume={39},
	number={11},
	pages={1381--1387},
	year={2003},
	publisher={IEEE}
}
@article{tager1994high,
	title={High-frequency oscillations and self-mode locking in short external-cavity laser diodes},
	author={Tager, Alexei A and Petermann, Klaus},
	journal={IEEE Journal of Quantum Electronics},
	volume={30},
	number={7},
	pages={1553--1561},
	year={1994},
	publisher={IEEE}
}
@article{vahala1989optical,
	title={The optical gain lever: A novel gain mechanism in the direct modulation of quantum well semiconductor lasers},
	author={Vahala, Kerry J and Newkirk, Michael A and Chen, TR},
	journal={Applied Physics Letters},
	volume={54},
	number={25},
	pages={2506--2508},
	year={1989},
	publisher={AIP}
}
@inproceedings{dumon2004low,
	title={Low-loss photonic wires and compact ring resonators in silicon-on-insulator},
	author={Dumon, Pieter and Bogaerts, Wim and Van Campenhout, Joris and Wiaux, Vincent and Wouters, Johan MD and Beckx, Stephan and Baets, Roel G},
	booktitle={Photonic Crystal Materials and Nanostructures},
	volume={5450},
	pages={360--369},
	year={2004},
	organization={International Society for Optics and Photonics}
}
@article{wang2017continuously,
	title={Continuously tunable ultra-thin silicon waveguide optical delay line},
	author={Wang, Xinyi and Zhou, Linjie and Li, Ruifei and Xie, Jingya and Lu, Liangjun and Wu, Kan and Chen, Jianping},
	journal={Optica},
	volume={4},
	number={5},
	pages={507--515},
	year={2017},
	publisher={Optical Society of America}
}
@article{taillaert2004compact,
	title={Compact efficient broadband grating coupler for silicon-on-insulator waveguides},
	author={Taillaert, Dirk and Bienstman, Peter and Baets, Roel},
	journal={Optics letters},
	volume={29},
	number={23},
	pages={2749--2751},
	year={2004},
	publisher={Optical Society of America}
}
@article{aspnes1983dielectric,
	title={Dielectric functions and optical parameters of si, ge, gap, gaas, gasb, inp, inas, and insb from 1.5 to 6.0 ev},
	author={Aspnes, David E and Studna, AA},
	journal={Physical review B},
	volume={27},
	number={2},
	pages={985},
	year={1983},
	publisher={APS}
}
@inproceedings{zuffada2012industrialization,
	title={The industrialization of the silicon photonics: technology road map and applications},
	author={Zuffada, Maurizio},
	booktitle={2012 Proceedings of the ESSCIRC (ESSCIRC)},
	pages={7--13},
	year={2012},
	organization={IEEE}
}
@article{miller1969integrated,
	title={Integrated optics: An introduction},
	author={Miller, Stewart E},
	journal={Bell System Technical Journal},
	volume={48},
	number={7},
	pages={2059--2069},
	year={1969},
	publisher={Wiley Online Library}
}
@article{he2019high,
	title={High-performance hybrid silicon and lithium niobate Mach--Zehnder modulators for 100 Gbit s- 1 and beyond},
	author={He, Mingbo and Xu, Mengyue and Ren, Yuxuan and Jian, Jian and Ruan, Ziliang and Xu, Yongsheng and Gao, Shengqian and Sun, Shihao and Wen, Xueqin and Zhou, Lidan and others},
	journal={Nature Photonics},
	pages={1},
	year={2019},
	publisher={Nature Publishing Group}
}
@article{wang2018integrated,
	title={Integrated lithium niobate electro-optic modulators operating at CMOS-compatible voltages},
	author={Wang, Cheng and Zhang, Mian and Chen, Xi and Bertrand, Maxime and Shams-Ansari, Amirhassan and Chandrasekhar, Sethumadhavan and Winzer, Peter and Lon{\v{c}}ar, Marko},
	journal={Nature},
	volume={562},
	number={7725},
	pages={101},
	year={2018},
	publisher={Nature Publishing Group}
}
@article{otterstrom2018silicon,
	title={A silicon Brillouin laser},
	author={Otterstrom, Nils T and Behunin, Ryan O and Kittlaus, Eric A and Wang, Zheng and Rakich, Peter T},
	journal={Science},
	volume={360},
	number={6393},
	pages={1113--1116},
	year={2018},
	publisher={American Association for the Advancement of Science}
}
@article{rong2007low,
	title={Low-threshold continuous-wave Raman silicon laser},
	author={Rong, Haisheng and Xu, Shengbo and Kuo, Ying-Hao and Sih, Vanessa and Cohen, Oded and Raday, Omri and Paniccia, Mario},
	journal={Nature Photonics},
	volume={1},
	number={4},
	pages={232},
	year={2007},
	publisher={Nature Publishing Group}
}
@article{zilkie2012power,
	title={Power-efficient III-V/Silicon external cavity DBR lasers},
	author={Zilkie, AJ and Seddighian, P and Bijlani, BJ and Qian, W and Lee, DC and Fathololoumi, S and Fong, J and Shafiiha, R and Feng, D and Luff, BJ and others},
	journal={Optics express},
	volume={20},
	number={21},
	pages={23456--23462},
	year={2012},
	publisher={Optical Society of America}
}
@article{asghari2011silicon,
	title={Silicon photonics: Energy-efficient communication},
	author={Asghari, Mehdi and Krishnamoorthy, Ashok V},
	journal={Nature photonics},
	volume={5},
	number={5},
	pages={268},
	year={2011},
	publisher={Nature Publishing Group}
}
@article{jalali2006silicon,
	title={Silicon photonics},
	author={Jalali, Bahram and Fathpour, Sasan},
	journal={Journal of lightwave technology},
	volume={24},
	number={12},
	pages={4600--4615},
	year={2006},
	publisher={IEEE}
}
@article{sun2016room,
	title={Room-temperature continuous-wave electrically injected InGaN-based laser directly grown on Si},
	author={Sun, Yi and Zhou, Kun and Sun, Qian and Liu, Jianping and Feng, Meixin and Li, Zengcheng and Zhou, Yu and Zhang, Liqun and Li, Deyao and Zhang, Shuming and others},
	journal={Nature Photonics},
	volume={10},
	number={9},
	pages={595},
	year={2016},
	publisher={Nature Publishing Group}
}
@inproceedings{yariv2016rethinking,
	title={Rethinking and redesigning the semiconductor laser/quantum noise controlled semiconductor lasers},
	author={Yariv, Amnon},
	booktitle={Optical Fiber Communication Conference},
	pages={M2C--3},
	year={2016},
	organization={Optical Society of America}
}

@article{huang2016low,
	title={Low driving voltage band-filling-based III-V-on-silicon electroabsorption modulator},
	author={Huang, Qiangsheng and Wu, Yingchen and Ma, Keqi and Zhang, Jianhao and Xie, Weiqiang and Fu, Xin and Shi, Yaocheng and Chen, Kaixuan and He, Jian-Jun and Van Thourhout, Dries and others},
	journal={Applied Physics Letters},
	volume={108},
	number={14},
	pages={141104},
	year={2016},
	publisher={AIP Publishing}
}
@article{capmany2007microwave,
	title={Microwave photonics combines two worlds},
	author={Capmany, Jos{\'e} and Novak, Dalma},
	journal={Nature photonics},
	volume={1},
	number={6},
	pages={319},
	year={2007},
	publisher={Nature Publishing Group}
}
@article{seeds2002microwave,
	title={Microwave photonics},
	author={Seeds, Alwyn J},
	journal={IEEE Transactions on Microwave Theory and Techniques},
	volume={50},
	number={3},
	pages={877--887},
	year={2002},
	publisher={IEEE}
}
@article{seeds2006microwave,
	title={Microwave photonics},
	author={Seeds, Alwyn J and Williams, Keith J},
	journal={Journal of Lightwave Technology},
	volume={24},
	number={12},
	pages={4628--4641},
	year={2006},
	publisher={IEEE}
}
@article{yao2009microwave,
	title={Microwave photonics},
	author={Yao, Jianping},
	journal={Journal of Lightwave Technology},
	volume={27},
	number={3},
	pages={314--335},
	year={2009},
	publisher={IEEE}
}
@article{marpaung2013integrated,
	title={Integrated microwave photonics},
	author={Marpaung, David and Roeloffzen, Chris and Heideman, Ren{\'e} and Leinse, Arne and Sales, Salvador and Capmany, Jos{\'e}},
	journal={Laser \& Photonics Reviews},
	volume={7},
	number={4},
	pages={506--538},
	year={2013},
	publisher={Wiley Online Library}
}
@webpage{cambustionndir,
	author = {},
	title = {NDIR detector},
	publisher = {Cambustion},
	year = {2018},
	url = {https://www.cambustion.com/products/ndir500/operating-principle},
	citedate={2019/1/8}
}
@incollection{numai2015fundamentals,
	title={Fundamentals of semiconductor lasers},
	author={Numai, Takahiro},
	booktitle={Fundamentals of Semiconductor Lasers},
	pages={89--186},
	year={2015},
	publisher={Springer}
}
@webpage{
	wikicie1931,
	author = {},
	title = {},
	publisher = {Wikipedia},
	year = {},
	url = {https://en.wikipedia.org/wiki/CIE_1931_color_space},
	citedate={2019/1/8}
}
@article{jansen1997bsm,
	title={BSM 7: RIE lag in high aspect ratio trench etching of silicon},
	author={Jansen, Henri and de Boer, Meint and Wiegerink, Remco and Tas, Niels and Smulders, Edwin and Neagu, Christina and Elwenspoek, Miko},
	journal={Microelectronic Engineering},
	volume={35},
	number={1-4},
	pages={45--50},
	year={1997},
	publisher={Elsevier}
}
@article{wakita1991observation,
	title={Observation of low-chirp modulation in InGaAs-InAlAs multiple-quantum-well optical modulators under 30 GHz},
	author={Wakita, Koichi and Kotaka, Isamu and Mitomi, Osamu and Asai, Hiromitsu and Kawamura, Yuichi},
	journal={IEEE Photonics technology letters},
	volume={3},
	number={2},
	pages={138--140},
	year={1991},
	publisher={IEEE}
}
@webpage{
	eblanaphotonics,
	author = {eblanaphotonics},
	title = {{Gas Sensing Lasers}},
	publisher = {{eblanaphotonics}},
	year = {},
	url = {http://www.eblanaphotonics.com},
	citedate={2019/4/27}
}